%YAML 1.1
%TAG !u! tag:unity3d.com,2011:
--- !u!1 &85597855644520999
GameObject:
  m_ObjectHideFlags: 0
  m_CorrespondingSourceObject: {fileID: 0}
  m_PrefabInstance: {fileID: 0}
  m_PrefabAsset: {fileID: 0}
  serializedVersion: 6
  m_Component:
  - component: {fileID: 4744966394427355144}
  m_Layer: 0
  m_Name: Arm_L
  m_TagString: Untagged
  m_Icon: {fileID: 0}
  m_NavMeshLayer: 0
  m_StaticEditorFlags: 0
  m_IsActive: 1
--- !u!4 &4744966394427355144
Transform:
  m_ObjectHideFlags: 0
  m_CorrespondingSourceObject: {fileID: 0}
  m_PrefabInstance: {fileID: 0}
  m_PrefabAsset: {fileID: 0}
  m_GameObject: {fileID: 85597855644520999}
  serializedVersion: 2
  m_LocalRotation: {x: 0, y: 0, z: 0, w: 1}
  m_LocalPosition: {x: 1.05, y: 4.75, z: 0.05}
  m_LocalScale: {x: 1, y: 1, z: 1}
  m_ConstrainProportionsScale: 0
  m_Children:
  - {fileID: 3278781469997550121}
  m_Father: {fileID: 5312354881975974159}
  m_LocalEulerAnglesHint: {x: 0, y: 0, z: 0}
--- !u!1 &879521191346989352
GameObject:
  m_ObjectHideFlags: 0
  m_CorrespondingSourceObject: {fileID: 0}
  m_PrefabInstance: {fileID: 0}
  m_PrefabAsset: {fileID: 0}
  serializedVersion: 6
  m_Component:
  - component: {fileID: 4066614014034746933}
  - component: {fileID: 4007098363674943035}
  m_Layer: 0
  m_Name: NPCMesh
  m_TagString: Untagged
  m_Icon: {fileID: 0}
  m_NavMeshLayer: 0
  m_StaticEditorFlags: 0
  m_IsActive: 1
--- !u!4 &4066614014034746933
Transform:
  m_ObjectHideFlags: 0
  m_CorrespondingSourceObject: {fileID: 0}
  m_PrefabInstance: {fileID: 0}
  m_PrefabAsset: {fileID: 0}
  m_GameObject: {fileID: 879521191346989352}
  serializedVersion: 2
  m_LocalRotation: {x: 0, y: 0, z: 0, w: 1}
  m_LocalPosition: {x: 0, y: 0, z: 0}
  m_LocalScale: {x: 0.35, y: 0.35, z: 0.35}
  m_ConstrainProportionsScale: 1
  m_Children:
  - {fileID: 5312354881975974159}
  m_Father: {fileID: 0}
  m_LocalEulerAnglesHint: {x: 0, y: 0, z: 0}
--- !u!95 &4007098363674943035
Animator:
  serializedVersion: 7
  m_ObjectHideFlags: 0
  m_CorrespondingSourceObject: {fileID: 0}
  m_PrefabInstance: {fileID: 0}
  m_PrefabAsset: {fileID: 0}
  m_GameObject: {fileID: 879521191346989352}
  m_Enabled: 1
  m_Avatar: {fileID: 0}
  m_Controller: {fileID: 9100000, guid: ffadf3fab82bd8a4c8d08acf052b0552, type: 2}
  m_CullingMode: 0
  m_UpdateMode: 0
  m_ApplyRootMotion: 0
  m_LinearVelocityBlending: 0
  m_StabilizeFeet: 0
  m_AnimatePhysics: 0
  m_WarningMessage: 
  m_HasTransformHierarchy: 1
  m_AllowConstantClipSamplingOptimization: 1
  m_KeepAnimatorStateOnDisable: 0
  m_WriteDefaultValuesOnDisable: 0
--- !u!1 &2398836948507079478
GameObject:
  m_ObjectHideFlags: 0
  m_CorrespondingSourceObject: {fileID: 0}
  m_PrefabInstance: {fileID: 0}
  m_PrefabAsset: {fileID: 0}
  serializedVersion: 6
  m_Component:
  - component: {fileID: 4463485950536514406}
  m_Layer: 0
  m_Name: Arm_R
  m_TagString: Untagged
  m_Icon: {fileID: 0}
  m_NavMeshLayer: 0
  m_StaticEditorFlags: 0
  m_IsActive: 1
--- !u!4 &4463485950536514406
Transform:
  m_ObjectHideFlags: 0
  m_CorrespondingSourceObject: {fileID: 0}
  m_PrefabInstance: {fileID: 0}
  m_PrefabAsset: {fileID: 0}
  m_GameObject: {fileID: 2398836948507079478}
  serializedVersion: 2
  m_LocalRotation: {x: 0, y: 0, z: 0, w: 1}
  m_LocalPosition: {x: -1.05, y: 4.75, z: 0.05}
  m_LocalScale: {x: 1, y: 1, z: 1}
  m_ConstrainProportionsScale: 0
  m_Children:
  - {fileID: 3179599916489741579}
  m_Father: {fileID: 5312354881975974159}
  m_LocalEulerAnglesHint: {x: 0, y: 0, z: 0}
--- !u!1 &4323992967700597102
GameObject:
  m_ObjectHideFlags: 0
  m_CorrespondingSourceObject: {fileID: 0}
  m_PrefabInstance: {fileID: 0}
  m_PrefabAsset: {fileID: 0}
  serializedVersion: 6
  m_Component:
  - component: {fileID: 5312354881975974159}
  m_Layer: 0
  m_Name: Root
  m_TagString: Untagged
  m_Icon: {fileID: 0}
  m_NavMeshLayer: 0
  m_StaticEditorFlags: 0
  m_IsActive: 1
--- !u!4 &5312354881975974159
Transform:
  m_ObjectHideFlags: 0
  m_CorrespondingSourceObject: {fileID: 0}
  m_PrefabInstance: {fileID: 0}
  m_PrefabAsset: {fileID: 0}
  m_GameObject: {fileID: 4323992967700597102}
  serializedVersion: 2
  m_LocalRotation: {x: 0, y: 0, z: 0, w: 1}
  m_LocalPosition: {x: 0, y: 0, z: 0}
  m_LocalScale: {x: 1, y: 1, z: 1}
  m_ConstrainProportionsScale: 0
  m_Children:
  - {fileID: 1364571936191594498}
  - {fileID: 4463485950536514406}
  - {fileID: 4744966394427355144}
  m_Father: {fileID: 4066614014034746933}
  m_LocalEulerAnglesHint: {x: 0, y: 0, z: 0}
--- !u!1 &6326703380822527024
GameObject:
  m_ObjectHideFlags: 0
  m_CorrespondingSourceObject: {fileID: 0}
  m_PrefabInstance: {fileID: 0}
  m_PrefabAsset: {fileID: 0}
  serializedVersion: 6
  m_Component:
  - component: {fileID: 3278781469997550121}
  m_Layer: 0
  m_Name: Arm_L_Ctrl
  m_TagString: Untagged
  m_Icon: {fileID: 0}
  m_NavMeshLayer: 0
  m_StaticEditorFlags: 0
  m_IsActive: 1
--- !u!4 &3278781469997550121
Transform:
  m_ObjectHideFlags: 0
  m_CorrespondingSourceObject: {fileID: 0}
  m_PrefabInstance: {fileID: 0}
  m_PrefabAsset: {fileID: 0}
  m_GameObject: {fileID: 6326703380822527024}
  serializedVersion: 2
  m_LocalRotation: {x: 0, y: 0, z: 0, w: 1}
  m_LocalPosition: {x: 0, y: 0, z: 0}
  m_LocalScale: {x: 1, y: 1, z: 1}
  m_ConstrainProportionsScale: 0
  m_Children:
  - {fileID: 1713883501867329277}
  m_Father: {fileID: 4744966394427355144}
  m_LocalEulerAnglesHint: {x: 0, y: 0, z: 0}
--- !u!1 &8351155389525316058
GameObject:
  m_ObjectHideFlags: 0
  m_CorrespondingSourceObject: {fileID: 0}
  m_PrefabInstance: {fileID: 0}
  m_PrefabAsset: {fileID: 0}
  serializedVersion: 6
  m_Component:
  - component: {fileID: 3179599916489741579}
  m_Layer: 0
  m_Name: Arm_R_Ctrl
  m_TagString: Untagged
  m_Icon: {fileID: 0}
  m_NavMeshLayer: 0
  m_StaticEditorFlags: 0
  m_IsActive: 1
--- !u!4 &3179599916489741579
Transform:
  m_ObjectHideFlags: 0
  m_CorrespondingSourceObject: {fileID: 0}
  m_PrefabInstance: {fileID: 0}
  m_PrefabAsset: {fileID: 0}
  m_GameObject: {fileID: 8351155389525316058}
  serializedVersion: 2
  m_LocalRotation: {x: 0, y: 0, z: 0, w: 1}
  m_LocalPosition: {x: 0, y: 0, z: 0}
  m_LocalScale: {x: 1, y: 1, z: 1}
  m_ConstrainProportionsScale: 0
  m_Children:
  - {fileID: 7829174200835738493}
  m_Father: {fileID: 4463485950536514406}
  m_LocalEulerAnglesHint: {x: 0, y: 0, z: 0}
--- !u!1001 &1171594010713194774
PrefabInstance:
  m_ObjectHideFlags: 0
  serializedVersion: 2
  m_Modification:
    serializedVersion: 3
    m_TransformParent: {fileID: 3278781469997550121}
    m_Modifications:
    - target: {fileID: -8679921383154817045, guid: ece8581c6380aa74fbcf1932153ca574, type: 3}
      propertyPath: m_LocalPosition.x
      value: -1.1999999
      objectReference: {fileID: 0}
    - target: {fileID: -8679921383154817045, guid: ece8581c6380aa74fbcf1932153ca574, type: 3}
      propertyPath: m_LocalPosition.y
      value: -4.75
      objectReference: {fileID: 0}
    - target: {fileID: -8679921383154817045, guid: ece8581c6380aa74fbcf1932153ca574, type: 3}
      propertyPath: m_LocalPosition.z
      value: 0.37857142
      objectReference: {fileID: 0}
    - target: {fileID: -8679921383154817045, guid: ece8581c6380aa74fbcf1932153ca574, type: 3}
      propertyPath: m_LocalRotation.w
      value: 0.7071069
      objectReference: {fileID: 0}
    - target: {fileID: -8679921383154817045, guid: ece8581c6380aa74fbcf1932153ca574, type: 3}
      propertyPath: m_LocalRotation.x
      value: -0
      objectReference: {fileID: 0}
    - target: {fileID: -8679921383154817045, guid: ece8581c6380aa74fbcf1932153ca574, type: 3}
      propertyPath: m_LocalRotation.y
      value: -0.70710677
      objectReference: {fileID: 0}
    - target: {fileID: -8679921383154817045, guid: ece8581c6380aa74fbcf1932153ca574, type: 3}
      propertyPath: m_LocalRotation.z
      value: -0
      objectReference: {fileID: 0}
    - target: {fileID: -8679921383154817045, guid: ece8581c6380aa74fbcf1932153ca574, type: 3}
      propertyPath: m_LocalEulerAnglesHint.x
      value: 0
      objectReference: {fileID: 0}
    - target: {fileID: -8679921383154817045, guid: ece8581c6380aa74fbcf1932153ca574, type: 3}
      propertyPath: m_LocalEulerAnglesHint.y
      value: 0
      objectReference: {fileID: 0}
    - target: {fileID: -8679921383154817045, guid: ece8581c6380aa74fbcf1932153ca574, type: 3}
      propertyPath: m_LocalEulerAnglesHint.z
      value: 0
      objectReference: {fileID: 0}
    - target: {fileID: -7635826562936255635, guid: ece8581c6380aa74fbcf1932153ca574, type: 3}
      propertyPath: 'm_Materials.Array.data[0]'
      value: 
      objectReference: {fileID: 2100000, guid: 172344b6e8bbbef4d83458de7ab3aacf, type: 2}
    - target: {fileID: 919132149155446097, guid: ece8581c6380aa74fbcf1932153ca574, type: 3}
      propertyPath: m_Name
      value: ludum dare_npc-12-npc02_arm_R
      objectReference: {fileID: 0}
    m_RemovedComponents: []
    m_RemovedGameObjects: []
    m_AddedGameObjects: []
    m_AddedComponents: []
  m_SourcePrefab: {fileID: 100100000, guid: ece8581c6380aa74fbcf1932153ca574, type: 3}
--- !u!4 &1713883501867329277 stripped
Transform:
  m_CorrespondingSourceObject: {fileID: -8679921383154817045, guid: ece8581c6380aa74fbcf1932153ca574, type: 3}
  m_PrefabInstance: {fileID: 1171594010713194774}
  m_PrefabAsset: {fileID: 0}
--- !u!1001 &1541734720370878441
PrefabInstance:
  m_ObjectHideFlags: 0
  serializedVersion: 2
  m_Modification:
    serializedVersion: 3
    m_TransformParent: {fileID: 5312354881975974159}
    m_Modifications:
    - target: {fileID: -8679921383154817045, guid: 1129427a8738b9348ae25302b8311035, type: 3}
      propertyPath: m_LocalPosition.x
      value: -0.14999999
      objectReference: {fileID: 0}
    - target: {fileID: -8679921383154817045, guid: 1129427a8738b9348ae25302b8311035, type: 3}
      propertyPath: m_LocalPosition.y
      value: 0
      objectReference: {fileID: 0}
    - target: {fileID: -8679921383154817045, guid: 1129427a8738b9348ae25302b8311035, type: 3}
      propertyPath: m_LocalPosition.z
      value: 0.42857143
      objectReference: {fileID: 0}
    - target: {fileID: -8679921383154817045, guid: 1129427a8738b9348ae25302b8311035, type: 3}
      propertyPath: m_LocalRotation.w
      value: 0.7071069
      objectReference: {fileID: 0}
    - target: {fileID: -8679921383154817045, guid: 1129427a8738b9348ae25302b8311035, type: 3}
      propertyPath: m_LocalRotation.x
      value: -0
      objectReference: {fileID: 0}
    - target: {fileID: -8679921383154817045, guid: 1129427a8738b9348ae25302b8311035, type: 3}
      propertyPath: m_LocalRotation.y
      value: -0.70710677
      objectReference: {fileID: 0}
    - target: {fileID: -8679921383154817045, guid: 1129427a8738b9348ae25302b8311035, type: 3}
      propertyPath: m_LocalRotation.z
      value: -0
      objectReference: {fileID: 0}
    - target: {fileID: -8679921383154817045, guid: 1129427a8738b9348ae25302b8311035, type: 3}
      propertyPath: m_LocalEulerAnglesHint.x
      value: 0
      objectReference: {fileID: 0}
    - target: {fileID: -8679921383154817045, guid: 1129427a8738b9348ae25302b8311035, type: 3}
      propertyPath: m_LocalEulerAnglesHint.y
      value: 0
      objectReference: {fileID: 0}
    - target: {fileID: -8679921383154817045, guid: 1129427a8738b9348ae25302b8311035, type: 3}
      propertyPath: m_LocalEulerAnglesHint.z
      value: 0
      objectReference: {fileID: 0}
    - target: {fileID: -7635826562936255635, guid: 1129427a8738b9348ae25302b8311035, type: 3}
      propertyPath: 'm_Materials.Array.data[0]'
      value: 
      objectReference: {fileID: 2100000, guid: 172344b6e8bbbef4d83458de7ab3aacf, type: 2}
    - target: {fileID: 919132149155446097, guid: 1129427a8738b9348ae25302b8311035, type: 3}
      propertyPath: m_Name
      value: ludum dare_npc-13-npc02
      objectReference: {fileID: 0}
    m_RemovedComponents: []
    m_RemovedGameObjects: []
    m_AddedGameObjects: []
    m_AddedComponents: []
  m_SourcePrefab: {fileID: 100100000, guid: 1129427a8738b9348ae25302b8311035, type: 3}
--- !u!4 &1364571936191594498 stripped
Transform:
  m_CorrespondingSourceObject: {fileID: -8679921383154817045, guid: 1129427a8738b9348ae25302b8311035, type: 3}
  m_PrefabInstance: {fileID: 1541734720370878441}
  m_PrefabAsset: {fileID: 0}
--- !u!1001 &7722662948607028374
PrefabInstance:
  m_ObjectHideFlags: 0
  serializedVersion: 2
  m_Modification:
    serializedVersion: 3
    m_TransformParent: {fileID: 3179599916489741579}
    m_Modifications:
    - target: {fileID: -8679921383154817045, guid: ff4eca85097859c4eb9fa602393e375d, type: 3}
      propertyPath: m_LocalPosition.x
      value: 0.9
      objectReference: {fileID: 0}
    - target: {fileID: -8679921383154817045, guid: ff4eca85097859c4eb9fa602393e375d, type: 3}
      propertyPath: m_LocalPosition.y
      value: -4.75
      objectReference: {fileID: 0}
    - target: {fileID: -8679921383154817045, guid: ff4eca85097859c4eb9fa602393e375d, type: 3}
      propertyPath: m_LocalPosition.z
      value: 0.37857142
      objectReference: {fileID: 0}
    - target: {fileID: -8679921383154817045, guid: ff4eca85097859c4eb9fa602393e375d, type: 3}
      propertyPath: m_LocalRotation.w
      value: 0.7071069
      objectReference: {fileID: 0}
    - target: {fileID: -8679921383154817045, guid: ff4eca85097859c4eb9fa602393e375d, type: 3}
      propertyPath: m_LocalRotation.x
      value: -0
      objectReference: {fileID: 0}
    - target: {fileID: -8679921383154817045, guid: ff4eca85097859c4eb9fa602393e375d, type: 3}
      propertyPath: m_LocalRotation.y
      value: -0.70710677
      objectReference: {fileID: 0}
    - target: {fileID: -8679921383154817045, guid: ff4eca85097859c4eb9fa602393e375d, type: 3}
      propertyPath: m_LocalRotation.z
      value: -0
      objectReference: {fileID: 0}
    - target: {fileID: -8679921383154817045, guid: ff4eca85097859c4eb9fa602393e375d, type: 3}
      propertyPath: m_LocalEulerAnglesHint.x
      value: 0
      objectReference: {fileID: 0}
    - target: {fileID: -8679921383154817045, guid: ff4eca85097859c4eb9fa602393e375d, type: 3}
      propertyPath: m_LocalEulerAnglesHint.y
      value: 0
      objectReference: {fileID: 0}
    - target: {fileID: -8679921383154817045, guid: ff4eca85097859c4eb9fa602393e375d, type: 3}
      propertyPath: m_LocalEulerAnglesHint.z
      value: 0
      objectReference: {fileID: 0}
    - target: {fileID: -7635826562936255635, guid: ff4eca85097859c4eb9fa602393e375d, type: 3}
      propertyPath: 'm_Materials.Array.data[0]'
      value: 
      objectReference: {fileID: 2100000, guid: 172344b6e8bbbef4d83458de7ab3aacf, type: 2}
    - target: {fileID: 919132149155446097, guid: ff4eca85097859c4eb9fa602393e375d, type: 3}
      propertyPath: m_Name
      value: ludum dare_npc-14-npc02_arm_L
      objectReference: {fileID: 0}
    m_RemovedComponents: []
    m_RemovedGameObjects: []
    m_AddedGameObjects: []
    m_AddedComponents: []
  m_SourcePrefab: {fileID: 100100000, guid: ff4eca85097859c4eb9fa602393e375d, type: 3}
--- !u!4 &7829174200835738493 stripped
Transform:
  m_CorrespondingSourceObject: {fileID: -8679921383154817045, guid: ff4eca85097859c4eb9fa602393e375d, type: 3}
  m_PrefabInstance: {fileID: 7722662948607028374}
  m_PrefabAsset: {fileID: 0}
